@misc{GM,
    author = {Nuclear Power},
    title = {Geiger Counter - Geiger-Mueller Detector},
    year = {2025},
    howpublished = {\url{https://www.nuclear-power.com/nuclear-engineering/radiation-detection/gaseous-ionization-detector/geiger-counter-geiger-mueller-detector/}},
    note = {Accessed: 2025-04-15}

}
