

@article{jiao2023,
  author    = {Yue Jiao and Fran\c{c}ois Hammer and He Wang and Jianling Wang and Yuhui Yang},
  title     = {Revisiting mass estimates of the Milky Way},
  journal   = {arXiv preprint arXiv:2306.05461},
  year      = {2023},
  url       = {https://arxiv.org/abs/2306.05461}
}

@misc{lum_mass,
  author = {University of Oregon},
  title = {The Mass of the Milky Way Galaxy},
  howpublished = {\url{https://pages.uoregon.edu/jimbrau/astr123/Notes/Chapter23.html}},
  note = {Accessed: April 22, 2025}
}

@article{starform,
	author = {{Klaassen, P. D.} and {Wilson, C. D.} and {Keto, E. R.} and {Zhang, Q.} and {Galv√°n-Madrid, R.} and {Liu, H.-Y. B.}},
	title = {High resolution CO observation of massive star forming regions},
	DOI= "10.1051/0004-6361/201016371",
	url= "https://doi.org/10.1051/0004-6361/201016371",
	journal = {A$\&$A},
	year = 2011,
	volume = 530,
	pages = "A53",
	month = "",
}

@ARTICLE{MWMC,
       author = {{Dame}, T.M. and {Hartmann}, Dap and {Thaddeus}, P.},
        title = "{The Milky Way in Molecular Clouds: A New Complete CO Survey}",
      journal = {ApJ},
     keywords = {Galaxy: Structure, ISM: Clouds, ISM: Molecules, Radio Lines: ISM, Galaxy: Solar Neighborhood, Stars: Formation, Astrophysics},
         year = 2001,
        month = feb,
       volume = {547},
       number = {2},
        pages = {792-813},
          doi = {10.1086/318388},
archivePrefix = {arXiv},
       eprint = {astro-ph/0009217},
 primaryClass = {astro-ph},
       adsurl = {https://ui.adsabs.harvard.edu/abs/2001ApJ...547..792D},
      adsnote = {Provided by the SAO/NASA Astrophysics Data System}
}

 @misc{ enwiki:1280656493,
    author = "{Wikipedia contributors}",
    title = "Hydrogen line --- {Wikipedia}{,} The Free Encyclopedia",
    year = "2025",
    howpublished = "\url{https://en.wikipedia.org/w/index.php?title=Hydrogen_line&oldid=1280656493}",
    note = "[Online; accessed 23-April-2025]"
  }

@article{belfiore2023calibrating,
  title={Calibrating mid-infrared emission as a tracer of obscured star formation on HII-region scales in the era of JWST},
  author={Belfiore, Francesco and Leroy, Adam K. and Williams, Thomas G. and others},
  journal={arXiv preprint arXiv:2306.11811},
  year={2023},
  url={https://arxiv.org/abs/2306.11811}
}

@article{bolatto2013co,
  title={The CO-to-H$_2$ Conversion Factor},
  author={Bolatto, Alberto D. and Wolfire, Mark and Leroy, Adam K.},
  journal={Annual Review of Astronomy and Astrophysics},
  volume={51},
  pages={207--268},
  year={2013},
  publisher={Annual Reviews},
  doi={10.1146/annurev-astro-082812-140944}
}
@article{kennicutt1998star,
  title={Star Formation in Galaxies Along the Hubble Sequence},
  author={Kennicutt, Robert C.},
  journal={Annual Review of Astronomy and Astrophysics},
  volume={36},
  pages={189--232},
  year={1998},
  publisher={Annual Reviews},
  doi={10.1146/annurev.astro.36.1.189}
}
