@ARTICLE{rebound,
       author = {{Rein}, H. and {Liu}, S. -F.},
        title = "{REBOUND: an open-source multi-purpose N-body code for collisional dynamics}",
      journal = {aap},
     keywords = {methods: numerical, planets and satellites: rings, protoplanetary disks, Astrophysics - Earth and Planetary Astrophysics, Astrophysics - Instrumentation and Methods for Astrophysics, Mathematics - Dynamical Systems, Physics - Computational Physics},
         year = 2012,
        month = jan,
       volume = {537},
          eid = {A128},
        pages = {A128},
          doi = {10.1051/0004-6361/201118085},
archivePrefix = {arXiv},
       eprint = {1110.4876},
 primaryClass = {astro-ph.EP},
       adsurl = {https://ui.adsabs.harvard.edu/abs/2012A&A...537A.128R},
      adsnote = {Provided by the SAO/NASA Astrophysics Data System}
}S

@article{Gladman,
author = {Gladman, Brett},
year = {1993},
month = {11},
pages = {247-263},
title = {Dynamics of Systems of Two Close Planets},
volume = {106},
journal = {Icarus},
doi = {10.1006/icar.1993.1169}
}

@ARTICLE{asteroids,
       author = {Greenstreet, Sarah},
       title = "{Asteroids in the inner solar system}",
       journal = {Physics Today},
       year = {2021},
       volume = {74},
       number = {7},
       pages = {42-47},
       doi = {10.1063/PT.3.4794}
}

@misc{Spectral_Classification, 
       title={Spec}, 
       url={https://lweb.cfa.harvard.edu/~pberlind/atlas/htmls/note.html}, 
       journal={Spectral Classification}} 

@misc{Wikipedia_contributors_2025, 
       title={Castor (star)}, 
       url={https://en.wikipedia.org/wiki/Castor_(star)}, 
       journal={Wikipedia}, 
       author={Wikipedia contributors}, 
       year={2025}, 
       month=mar, 
       language={en} }


@article{Pourbaix_Tokovinin_Batten_Fekel_Hartkopf_Levato_Morrell_Torres_Udry_2004, 
       title={S$\mathsf{_{B^9}}$: The ninth catalogue of spectroscopic binary orbits}, 
       volume={424}, url={https://www.aanda.org/articles/aa/abs/2004/35/aa1213/aa1213.html}, 
       DOI={10.1051/0004-6361:20041213}, number={2}, 
       journal={Astronomy and Astrophysics}, 
       author={Pourbaix, D. and Tokovinin, A. A. and Batten, A. H. and Fekel, F. C. and Hartkopf, W. I. and Levato, H. and Morrell, N. I. and Torres, G. and Udry, S.}, 
       year={2004}, 
       month=aug, 
       pages={727â€“732} 
       }


@misc{Castor, 
       url={https://www.jpl.nasa.gov/infographics/castor-the-6-star-system-a3-poster/}, journal={NASA Jet Propulsion Laboratory (JPL)}, language={en-US} }

@Misc{NIST_ASD,
author = {A.~Kramida and {Yu.~Ralchenko} and
J.~Reader and {and NIST ASD Team}},
HOWPUBLISHED = {{NIST Atomic Spectra Database
(ver. 5.12), [Online]. Available:
{\tt{https://physics.nist.gov/asd}} [2025, April 5].
National Institute of Standards and Technology,
Gaithersburg, MD.}},
year = {2024},
}
